@misc{dropout,
  doi = {10.48550/ARXIV.1506.02142},
  
  url = {https://arxiv.org/abs/1506.02142},
  
  author = {Gal, Yarin and Ghahramani, Zoubin},
  
  keywords = {Machine Learning (stat.ML), Machine Learning (cs.LG), FOS: Computer and information sciences, FOS: Computer and information sciences},
  
  title = {Dropout as a Bayesian Approximation: Representing Model Uncertainty in Deep Learning},
  
  publisher = {arXiv},
  
  year = {2015},
  
  copyright = {arXiv.org perpetual, non-exclusive license}
}


@misc{ue_qunatification,
  doi = {10.48550/ARXIV.2201.07766},
  
  url = {https://arxiv.org/abs/2201.07766},
  
  author = {Psaros, Apostolos F and Meng, Xuhui and Zou, Zongren and Guo, Ling and Karniadakis, George Em},
  
  keywords = {Machine Learning (cs.LG), FOS: Computer and information sciences, FOS: Computer and information sciences},
  
  title = {Uncertainty Quantification in Scientific Machine Learning: Methods, Metrics, and Comparisons},
  
  publisher = {arXiv},
  
  year = {2022},
  
  copyright = {Creative Commons Attribution 4.0 International}
}



@INPROCEEDINGS{DNN_Picture,  author={Khoshdeli, Mina and Cong, Richard and Parvin, Bahram},  booktitle={2017 IEEE EMBS International Conference on Biomedical & Health Informatics (BHI)},   title={Detection of nuclei in H&E stained sections using convolutional neural networks},   year={2017},  volume={},  number={},  pages={105-108},  doi={10.1109/BHI.2017.7897216}}


@article{hubara2017quantized,
  title={Quantized neural networks: Training neural networks with low precision weights and activations},
  author={Hubara, Itay and Courbariaux, Matthieu and Soudry, Daniel and El-Yaniv, Ran and Bengio, Yoshua},
  journal={The Journal of Machine Learning Research},
  volume={18},
  number={1},
  pages={6869--6898},
  year={2017},
  publisher={JMLR. org}
}

@article{ibm,
  title={Ibms watson supercomputer recommended unsafe and incorrect cancer treatments, internal documents show.},
  author={Casey Ross and Ike Swetlitz.},
  journal={Stat News},
  url = {https://www.statnews.com/wp-content/uploads/2018/09/IBMs-Watson-recommended-unsafe-and-incorrect-cancer-treatments-STAT.pdf}
}

@inproceedings{bischoff2011kuka,
  title={Kuka youbot-a mobile manipulator for research and education},
  author={Bischoff, Rainer and Huggenberger, Ulrich and Prassler, Erwin},
  booktitle={2011 IEEE International Conference on Robotics and Automation},
  pages={1--4},
  year={2011},
  organization={IEEE}
}

@article{gawlikowski2021survey,
  title={A survey of uncertainty in deep neural networks},
  author={Gawlikowski, Jakob and Tassi, Cedrique Rovile Njieutcheu and Ali, Mohsin and Lee, Jongseok and Humt, Matthias and Feng, Jianxiang and Kruspe, Anna and Triebel, Rudolph and Jung, Peter and Roscher, Ribana and others},
  journal={arXiv preprint arXiv:2107.03342},
  year={2021}
}

@article{rodriguez2018lower,
  title={Lower numerical precision deep learning inference and training},
  author={Rodriguez, Andres and Segal, Eden and Meiri, Etay and Fomenko, Evarist and Kim, Young Jin and Shen, Haihao and Ziv, Barukh},
  journal={Intel White Paper},
  volume={3},
  pages={1--19},
  year={2018}
}

@misc{qunatifi,
  url = {https://github.com/intel/neural-compressor},
  author = {Intel Corporation},
  title = {intel/neural-compressor}
}

@article{liang2018bayesian,
  title={Bayesian neural networks for selection of drug sensitive genes},
  author={Liang, Faming and Li, Qizhai and Zhou, Lei},
  journal={Journal of the American Statistical Association},
  volume={113},
  number={523},
  pages={955--972},
  year={2018},
  publisher={Taylor \& Francis}
}

@inproceedings{mcallister2017concrete,
  title={Concrete problems for autonomous vehicle safety: Advantages of Bayesian deep learning},
  author={McAllister, Rowan and Gal, Yarin and Kendall, Alex and Van Der Wilk, Mark and Shah, Amar and Cipolla, Roberto and Weller, Adrian},
  year={2017},
  organization={International Joint Conferences on Artificial Intelligence, Inc.}
}

@article{mackay1995bayesian,
  title={Bayesian neural networks and density networks},
  author={MacKay, David JC},
  journal={Nuclear Instruments and Methods in Physics Research Section A: Accelerators, Spectrometers, Detectors and Associated Equipment},
  volume={354},
  number={1},
  pages={73--80},
  year={1995},
  publisher={Elsevier}
}

@inproceedings{ferianc2021effects,
  title={On the effects of quantisation on model uncertainty in Bayesian neural networks},
  author={Ferianc, Martin and Maji, Partha and Mattina, Matthew and Rodrigues, Miguel},
  booktitle={Uncertainty in Artificial Intelligence},
  pages={929--938},
  year={2021},
  organization={PMLR}
}

@inproceedings{achterhold2018variational,
  title={Variational network quantization},
  author={Achterhold, Jan and Koehler, Jan Mathias and Schmeink, Anke and Genewein, Tim},
  booktitle={International Conference on Learning Representations},
  year={2018}
}